@article{rue2009approximate,
  title={Approximate Bayesian inference for latent Gaussian models by using integrated nested Laplace approximations},
  author={Rue, H{\aa}vard and Martino, Sara and Chopin, Nicolas},
  journal={Journal of the royal statistical society: Series b (statistical methodology)},
  volume={71},
  number={2},
  pages={319--392},
  year={2009},
  publisher={Wiley Online Library}
}

@book{fahrmeir2013multivariate,
  title={Multivariate statistical modelling based on generalized linear models},
  author={Fahrmeir, Ludwig and Tutz, Gerhard},
  year={2013},
  publisher={Springer Science \& Business Media}
}

@article{diaconis1979conjugate,
  title={Conjugate priors for exponential families},
  author={Diaconis, Persi and Ylvisaker, Donald},
  journal={The Annals of statistics},
  pages={269--281},
  year={1979},
  publisher={JSTOR}
}

@article{raiffaapplied,
  title={Applied Statistical Decision Theory, Division of Research, GraduateSchool of Business Administration, Harvard University, Boston, 1961},
  author={Raiffa, Howard and Schlaifer, Robert},
  journal={RaiffaApplied Statistical Decision Theory1961}
}

@book{box2011bayesian,
  title={Bayesian inference in statistical analysis},
  author={Box, George EP and Tiao, George C},
  volume={40},
  year={2011},
  publisher={John Wiley \& Sons}
}

@book{robert2013monte,
  title={Monte Carlo statistical methods},
  author={Robert, Christian and Casella, George},
  year={2013},
  publisher={Springer Science \& Business Media}
}

@book{moraga2019geospatial,
  title={Geospatial health data: Modeling and visualization with R-INLA and shiny},
  author={Moraga, Paula},
  year={2019},
  publisher={CRC Press}
}

@article{sorbye2017penalised,
  title={Penalised complexity priors for stationary autoregressive processes},
  author={S{\o}rbye, Sigrunn Holbek and Rue, H{\aa}vard},
  journal={Journal of Time Series Analysis},
  volume={38},
  number={6},
  pages={923--935},
  year={2017},
  publisher={Wiley Online Library}
}

@book{rue2005gaussian,
  title={Gaussian Markov random fields: theory and applications},
  author={Rue, Havard and Held, Leonhard},
  year={2005},
  publisher={CRC press}
}

@book{lovelace2019geocomputation,
  title={Geocomputation with R},
  author={Lovelace, Robin and Nowosad, Jakub and Muenchow, Jannes},
  year={2019},
  publisher={CRC Press}
}

@book{last2017lectures,
  title={Lectures on the Poisson process},
  author={Last, G{\"u}nter and Penrose, Mathew},
  volume={7},
  year={2017},
  publisher={Cambridge University Press}
}

@article{besag1991bayesian,
  title={Bayesian image restoration, with two applications in spatial statistics},
  author={Besag, Julian and York, Jeremy and Molli{\'e}, Annie},
  journal={Annals of the institute of statistical mathematics},
  volume={43},
  number={1},
  pages={1--20},
  year={1991},
  publisher={Springer}
}

@article{bernardinelli1995bayesian,
  title={Bayesian analysis of spaceâ€”time variation in disease risk},
  author={Bernardinelli, Luisa and Clayton, D and Pascutto, Cristiana and Montomoli, Chiara and Ghislandi, Mauro and Songini, Marco},
  journal={Statistics in medicine},
  volume={14},
  number={21-22},
  pages={2433--2443},
  year={1995},
  publisher={Wiley Online Library}
}

@article{knorr2000bayesian,
  title={Bayesian modelling of inseparable space-time variation in disease risk},
  author={Knorr-Held, Leonhard},
  journal={Statistics in medicine},
  volume={19},
  number={17-18},
  pages={2555--2567},
  year={2000},
  publisher={Wiley Online Library}
}

