@article{rue2009approximate,
  title={Approximate Bayesian inference for latent Gaussian models by using integrated nested Laplace approximations},
  author={Rue, H{\aa}vard and Martino, Sara and Chopin, Nicolas},
  journal={Journal of the royal statistical society: Series b (statistical methodology)},
  volume={71},
  number={2},
  pages={319--392},
  year={2009},
  publisher={Wiley Online Library}
}

@book{fahrmeir2013multivariate,
  title={Multivariate statistical modelling based on generalized linear models},
  author={Fahrmeir, Ludwig and Tutz, Gerhard},
  year={2013},
  publisher={Springer Science \& Business Media}
}

@article{diaconis1979conjugate,
  title={Conjugate priors for exponential families},
  author={Diaconis, Persi and Ylvisaker, Donald},
  journal={The Annals of statistics},
  pages={269--281},
  year={1979},
  publisher={JSTOR}
}

