@article{rue2009approximate,
	title        = {Approximate Bayesian inference for latent Gaussian models by using integrated nested Laplace approximations},
	author       = {Martino, Sara and Chopin, Nicolas and Rue, H{\aa}vard},
	year         = 2009,
	journal      = {Journal of the royal statistical society: Series b (statistical methodology)},
	publisher    = {Wiley Online Library},
	volume       = 71,
	number       = 2,
	pages        = {319--392}
}
@article{diaconis1979conjugate,
	title        = {Conjugate priors for exponential families},
	author       = {Diaconis, Persi and Ylvisaker, Donald},
	year         = 1979,
	journal      = {The Annals of statistics},
	publisher    = {JSTOR},
	pages        = {269--281}
}
@article{raiffaapplied,
	title        = {Applied Statistical Decision Theory, Division of Research, GraduateSchool of Business Administration, Harvard University, Boston, 1961},
	author       = {Raiffa, Howard and Schlaifer, Robert},
	year         = 1961,
	journal      = {RaiffaApplied Statistical Decision Theory1961}
}
@book{box2011bayesian,
	title        = {Bayesian inference in statistical analysis},
	author       = {Box, George EP and Tiao, George C},
	year         = 2011,
	publisher    = {John Wiley \& Sons},
	volume       = 40
}
@book{robert2013monte,
	title        = {Monte Carlo statistical methods},
	author       = {Robert, Christian and Casella, George},
	year         = 2013,
	publisher    = {Springer Science \& Business Media}
}
@book{moraga2019geospatial,
	title        = {Geospatial health data: Modeling and visualization with R-INLA and shiny},
	author       = {Moraga, Paula},
	year         = 2019,
	publisher    = {CRC Press}
}
@article{sorbye2017penalised,
	title        = {Penalised complexity priors for stationary autoregressive processes},
	author       = {S{\o}rbye, Sigrunn Holbek and Rue, H{\aa}vard},
	year         = 2017,
	journal      = {Journal of Time Series Analysis},
	publisher    = {Wiley Online Library},
	volume       = 38,
	number       = 6,
	pages        = {923--935}
}
@book{rue2005gaussian,
	title        = {Gaussian Markov random fields: theory and applications},
	author       = {Rue, H{\aa}vard and Held, Leonhard},
	year         = 2005,
	publisher    = {CRC press}
}
@book{lovelace2019geocomputation,
	title        = {Geocomputation with R},
	author       = {Lovelace, Robin and Nowosad, Jakub and Muenchow, Jannes},
	year         = 2019,
	publisher    = {CRC Press}
}
@book{last2017lectures,
	title        = {Lectures on the Poisson process},
	author       = {Last, G{\"u}nter and Penrose, Mathew},
	year         = 2017,
	publisher    = {Cambridge University Press},
	volume       = 7
}
@article{besag1991bayesian,
	title        = {Bayesian image restoration, with two applications in spatial statistics},
	author       = {Besag, Julian and York, Jeremy and Molli{\'e}, Annie},
	year         = 1991,
	journal      = {Annals of the institute of statistical mathematics},
	publisher    = {Springer},
	volume       = 43,
	number       = 1,
	pages        = {1--20}
}
@article{bernardinelli1995bayesian,
	title        = {Bayesian analysis of space—time variation in disease risk},
	author       = {Bernardinelli, Luisa and Clayton, D and Pascutto, Cristiana and Montomoli, Chiara and Ghislandi, Mauro and Songini, Marco},
	year         = 1995,
	journal      = {Statistics in medicine},
	publisher    = {Wiley Online Library},
	volume       = 14,
	number       = {21-22},
	pages        = {2433--2443}
}
@article{knorr2000bayesian,
	title        = {Bayesian modelling of inseparable space-time variation in disease risk},
	author       = {Knorr-Held, Leonhard},
	year         = 2000,
	journal      = {Statistics in medicine},
	publisher    = {Wiley Online Library},
	volume       = 19,
	number       = {17-18},
	pages        = {2555--2567}
}
@article{bayes1763lii,
	title        = {LII. An essay towards solving a problem in the doctrine of chances. By the late Rev. Mr. Bayes, FRS communicated by Mr. Price, in a letter to John Canton, AMFR S},
	author       = {Bayes, Thomas},
	year         = 1763,
	journal      = {Philosophical transactions of the Royal Society of London},
	publisher    = {The Royal Society London},
	number       = 53,
	pages        = {370--418}
}
@article{dawid1979conditional,
	title        = {Conditional independence in statistical theory},
	author       = {Dawid, A Philip},
	year         = 1979,
	journal      = {Journal of the Royal Statistical Society: Series B (Methodological)},
	publisher    = {Wiley Online Library},
	volume       = 41,
	number       = 1,
	pages        = {1--15}
}
@article{holland1981exponential,
	title        = {An exponential family of probability distributions for directed graphs},
	author       = {Holland, Paul W and Leinhardt, Samuel},
	year         = 1981,
	journal      = {Journal of the american Statistical association},
	publisher    = {Taylor \& Francis Group},
	volume       = 76,
	number       = 373,
	pages        = {33--50}
}
@article{metropolis1949monte,
	title        = {The monte carlo method},
	author       = {Metropolis, Nicholas and Ulam, Stanislaw},
	year         = 1949,
	journal      = {Journal of the American statistical association},
	publisher    = {Taylor \& Francis},
	volume       = 44,
	number       = 247,
	pages        = {335--341}
}
@article{markov1906extension,
	title        = {Extension of the law of large numbers to dependent quantities},
	author       = {Markov, Andrey Andreyevich},
	year         = 1906,
	journal      = {Izv. Fiz.-Matem. Obsch. Kazan Univ.(2nd Ser)},
	volume       = 15,
	pages        = {135--156}
}
@article{metropolis1953equation,
	title        = {Equation of state calculations by fast computing machines},
	author       = {Metropolis, Nicholas and Rosenbluth, Arianna W and Rosenbluth, Marshall N and Teller, Augusta H and Teller, Edward},
	year         = 1953,
	journal      = {The journal of chemical physics},
	publisher    = {American Institute of Physics},
	volume       = 21,
	number       = 6,
	pages        = {1087--1092}
}
@article{hastings1970monte,
	title        = {Monte Carlo sampling methods using Markov chains and their applications},
	author       = {Hastings, W Keith},
	year         = 1970,
	publisher    = {Oxford University Press}
}
@article{geman1984stochastic,
	title        = {Stochastic relaxation, Gibbs distributions, and the Bayesian restoration of images},
	author       = {Geman, Stuart and Geman, Donald},
	year         = 1984,
	journal      = {IEEE Transactions on pattern analysis and machine intelligence},
	publisher    = {IEEE},
	number       = 6,
	pages        = {721--741}
}
@book{dey2000generalized,
	title        = {Generalized linear models: A Bayesian perspective},
	author       = {Dey, Dipak K and Ghosh, Sujit K and Mallick, Bani K},
	year         = 2000,
	publisher    = {CRC Press}
}
@book{fahrmeir2013multivariate,
	title        = {Multivariate statistical modelling based on generalized linear models},
	author       = {Fahrmeir, Ludwig and Tutz, Gerhard},
	year         = 2013,
	publisher    = {Springer Science \& Business Media}
}
@article{lang2004bayesian,
	title        = {Bayesian P-splines},
	author       = {Lang, Stefan and Brezger, Andreas},
	year         = 2004,
	journal      = {Journal of computational and graphical statistics},
	publisher    = {Taylor \& Francis},
	volume       = 13,
	number       = 1,
	pages        = {183--212}
}
@article{chu2005gaussian,
	title        = {Gaussian processes for ordinal regression.},
	author       = {Chu, Wei and Ghahramani, Zoubin and Williams, Christopher KI},
	year         = 2005,
	journal      = {Journal of machine learning research},
	volume       = 6,
	number       = 7
}
@article{fahrmeir2001bayesian,
	title        = {Bayesian inference for generalized additive mixed models based on Markov random field priors},
	author       = {Fahrmeir, Ludwig and Lang, Stefan},
	year         = 2001,
	journal      = {Journal of the Royal Statistical Society: Series C (Applied Statistics)},
	publisher    = {Wiley Online Library},
	volume       = 50,
	number       = 2,
	pages        = {201--220}
}
@book{kitagawa1996smoothness,
	title        = {Smoothness priors analysis of time series},
	author       = {Kitagawa, Genshiro and Gersch, Will},
	year         = 1996,
	publisher    = {Springer Science \& Business Media},
	volume       = 116
}
@book{banerjee2014hierarchical,
	title        = {Hierarchical modeling and analysis for spatial data},
	author       = {Banerjee, Sudipto and Carlin, Bradley P and Gelfand, Alan E},
	year         = 2014,
	publisher    = {CRC press}
}
@article{marroquin2001gauss,
	title        = {Gauss-Markov measure field models for low-level vision},
	author       = {Marroquin, Jose L. and Velasco, Fernando A. and Rivera, Mariano and Nakamura, Miguel},
	year         = 2001,
	journal      = {IEEE Transactions on Pattern Analysis and Machine Intelligence},
	publisher    = {IEEE},
	volume       = 23,
	number       = 4,
	pages        = {337--348}
}
@article{kammann2003geoadditive,
	title        = {Geoadditive models},
	author       = {Kammann, EE and Wand, Matthew P},
	year         = 2003,
	journal      = {Journal of the Royal Statistical Society: Series C (Applied Statistics)},
	publisher    = {Wiley Online Library},
	volume       = 52,
	number       = 1,
	pages        = {1--18}
}
@article{gamerman1997sampling,
	title        = {Sampling from the posterior distribution in generalized linear mixed models},
	author       = {Gamerman, Dani},
	year         = 1997,
	journal      = {Statistics and Computing},
	publisher    = {Springer},
	volume       = 7,
	number       = 1,
	pages        = {57--68}
}
@book{cressie2015statistics,
	title        = {Statistics for spatial data},
	author       = {Cressie, Noel},
	year         = 2015,
	publisher    = {John Wiley \& Sons}
}
@incollection{diggle2003introduction,
	title        = {An introduction to model-based geostatistics},
	author       = {Diggle, Peter J and Ribeiro, Paulo J and Christensen, Ole F},
	year         = 2003,
	booktitle    = {Spatial statistics and computational methods},
	publisher    = {Springer},
	pages        = {43--86}
}
@book{gelfand2010handbook,
	title        = {Handbook of spatial statistics},
	author       = {Gelfand, Alan E and Diggle, Peter and Guttorp, Peter and Fuentes, Montserrat},
	year         = 2010,
	publisher    = {CRC press}
}
@article{guttorp2006studies,
	title        = {Studies in the history of probability and statistics XLIX on the Mat{\'e}rn correlation family},
	author       = {Guttorp, Peter and Gneiting, Tilmann},
	year         = 2006,
	journal      = {Biometrika},
	publisher    = {Oxford University Press},
	volume       = 93,
	number       = 4,
	pages        = {989--995}
}
@article{cameletti2013spatio,
	title        = {Spatio-temporal modeling of particulate matter concentration through the SPDE approach},
	author       = {Cameletti, Michela and Lindgren, Finn and Simpson, Daniel and Rue, H{\aa}vard},
	year         = 2013,
	journal      = {AStA Advances in Statistical Analysis},
	publisher    = {Springer},
	volume       = 97,
	number       = 2,
	pages        = {109--131}
}
@article{martins2014penalising,
	title        = {Penalising model component complexity: A principled, practical approach to constructing priors},
	author       = {Martins, Thiago G and Simpson, Daniel P and Riebler, Andrea and Fuglstad, GA and Rue, H and S{\o}rbye, SH},
	year         = 2014,
	journal      = {arXiv preprint arXiv:1403.4630},
	publisher    = {Citeseer}
}
@article{kullback1951information,
	title        = {On information and sufficiency},
	author       = {Kullback, Solomon and Leibler, Richard A},
	year         = 1951,
	journal      = {The annals of mathematical statistics},
	publisher    = {JSTOR},
	volume       = 22,
	number       = 1,
	pages        = {79--86}
}
@article{riebler2016intuitive,
	title        = {An intuitive Bayesian spatial model for disease mapping that accounts for scaling},
	author       = {Riebler, Andrea and S{\o}rbye, Sigrunn H and Simpson, Daniel and Rue, H{\aa}vard},
	year         = 2016,
	journal      = {Statistical methods in medical research},
	publisher    = {Sage Publications Sage UK: London, England},
	volume       = 25,
	number       = 4,
	pages        = {1145--1165}
}
@article{martinez2008autoregressive,
	title        = {An autoregressive approach to spatio-temporal disease mapping},
	author       = {Martínez-Beneito, Miguel A and López-Quilez, Antonio and Botella-Rocamora, Paloma},
	year         = 2008,
	journal      = {Statistics in medicine},
	publisher    = {Wiley Online Library},
	volume       = 27,
	number       = 15,
	pages        = {2874--2889}
}
@misc{openshaw1984modifiable,
	title        = {The modifiable areal unit problem. Norwich, UK},
	author       = {Openshaw, Stan},
	year         = 1984,
	publisher    = {Geo books}
}
@article{robinson2009ecological,
	title        = {Ecological correlations and the behavior of individuals},
	author       = {Robinson, William S},
	year         = 2009,
	journal      = {International journal of epidemiology},
	publisher    = {Oxford University Press},
	volume       = 38,
	number       = 2,
	pages        = {337--341}
}
@article{gotway2002combining,
	title        = {Combining incompatible spatial data},
	author       = {Gotway, Carol A and Young, Linda J},
	year         = 2002,
	journal      = {Journal of the American Statistical Association},
	publisher    = {Taylor \& Francis},
	volume       = 97,
	number       = 458,
	pages        = {632--648}
}
@book{waller2004applied,
	title        = {Applied spatial statistics for public health data},
	author       = {Waller, Lance A and Gotway, Carol A},
	year         = 2004,
	publisher    = {John Wiley \& Sons},
	volume       = 368
}
@article{whittle1963stochastic,
	title        = {Stochastic-processes in several dimensions},
	author       = {Whittle, Peter},
	year         = 1963,
	journal      = {Bulletin of the International Statistical Institute},
	publisher    = {INT STATISTICAL INSTITUTE 428 PRINSES BEATRIXLAEN, VOORBURG, NETHERLANDS},
	volume       = 40,
	number       = 2,
	pages        = {974--994}
}
@article{fink1997compendium,
	title        = {A compendium of conjugate priors},
	author       = {Fink, Daniel},
	year         = 1997,
	journal      = {See http://www. people. cornell. edu/pages/df36/CONJINTRnew\% 20TEX. pdf},
	publisher    = {Citeseer},
	volume       = 46
}
@article{robert2010bayesian,
	title        = {Bayesian inference},
	author       = {Robert, Christian P and Marin, Jean-Michel and Rousseau, Judith},
	year         = 2010,
	journal      = {arXiv preprint arXiv:1002.2080}
}
@misc{irwin2005prior,
	title        = {Prior choice, summarizing the posterior},
	author       = {Irwin, ME},
	year         = 2005,
	publisher    = {Spring}
}
@article{jeffreys1946invariant,
	title        = {An invariant form for the prior probability in estimation problems},
	author       = {Jeffreys, Harold},
	year         = 1946,
	journal      = {Proceedings of the Royal Society of London. Series A. Mathematical and Physical Sciences},
	publisher    = {The Royal Society London},
	volume       = 186,
	number       = 1007,
	pages        = {453--461}
}
@misc{jordan2010,
	title        = {Lecture 7: Jeffreys Priors and Reference Priors},
	author       = {Michael I. Jordan},
	year         = 2010,
	month        = 2,
	publisher    = {Department of Electrical Engineering and Computer Sciences at UC Berkeley}
}
@misc{thohan88,
	title        = {Public COVID-19 Data for Norway (covid19data.no)},
	author       = {Thomas Hansen},
	year         = 2020,
	journal      = {GitHub repository},
	publisher    = {GitHub},
	howpublished = {\url{https://github.com/thohan88/covid19-nor-data}},
	commit       = {a4e9c644024ddc299ddbffac241d8437b95533c4}
}
@manual{covid19germany,
	title        = {covid19germany: Load, visualise and analyse daily updated data on the COVID-19 outbreak in Germany},
	author       = {Clemens Schmid and Stephan Schiffels and Johannes Boog and Martin Lange and Moritz Aschoff},
	year         = 2021,
	note         = {R package version 0.1.1}
}
@online{ssb,
	title        = {StatBank Norway},
	author       = {Statistisk Sentralbyrå},
	year         = 2016,
	url          = {https://www.ssb.no/en/statbank/},
	urldate      = {2021-02-28}
}
@online{fhi,
	title        = {Statistikkbankene i FHI},
	author       = {Folkehelseinstituttet},
	year         = 2020,
	url          = {https://statistikk.fhi.no/},
	urldate      = {2021-04-05}
}
@online{rdb,
	title        = {Regionaldatenbank Deutschland},
	author       = {Statistische Ämter des Bundes und der Länder},
	year         = 2020,
	url          = {https://www.regionalstatistik.de/genesis/online},
	urldate      = {2021-02-28}
}
@online{geonorge,
	title        = {Kartkatalogen},
	author       = {Geonorge},
	year         = 2021,
	url          = {https://www.geonorge.no/},
	urldate      = {2021-02-28}
}
@online{shapeGithub,
	title        = {konverter-norgeskart-projeksjon},
	author       = {Erik Smistad},
	year         = 2020,
	journal      = {GitHub repository},
	publisher    = {GitHub},
	howpublished = {\url{https://github.com/smistad/konverter-norgeskart-projeksjon}},
	commit       = {c57ac196880fd53f6c6c7d7d81947599ebfd30f8}
}
@online{esri,
	title        = {Kreisgrenzen 2017},
	author       = {Esri Deutschland},
	year         = 2020,
	url          = {https://opendata-esri-de.opendata.arcgis.com/datasets/affd8ace4c204981b5d32070f9547eb9_0},
	urldate      = {2021-02-28}
}
@online{OpenStreetMap,
	title        = {{Planet dump retrieved from https://planet.osm.org }},
	author       = {{OpenStreetMap contributors}},
	year         = 2017,
	howpublished = {\url{ https://www.openstreetmap.org }}
}
@article{osmdata,
	title        = {osmdata},
	author       = {Mark Padgham and Bob Rudis and Robin Lovelace and Maëlle Salmon},
	year         = 2017,
	month        = 6,
	journal      = {The Journal of Open Source Software},
	publisher    = {The Open Journal},
	volume       = 2,
	number       = 14,
	doi          = {10.21105/joss.00305},
	url          = {https://doi.org/10.21105/joss.00305}
}
@article{reshape2,
	title        = {Reshaping Data with the {reshape} Package},
	author       = {Hadley Wickham},
	year         = 2007,
	journal      = {Journal of Statistical Software},
	volume       = 21,
	number       = 12,
	pages        = {1--20},
	url          = {http://www.jstatsoft.org/v21/i12/}
}
@manual{stringr,
	title        = {stringr: Simple, Consistent Wrappers for Common String Operations},
	author       = {Hadley Wickham},
	year         = 2019,
	url          = {https://CRAN.R-project.org/package=stringr},
	note         = {R package version 1.4.0}
}
@article{sf,
	title        = {{Simple Features for R: Standardized Support for Spatial Vector Data}},
	author       = {Edzer Pebesma},
	year         = 2018,
	journal      = {{The R Journal}},
	volume       = 10,
	number       = 1,
	pages        = {439--446},
	doi          = {10.32614/RJ-2018-009},
	url          = {https://doi.org/10.32614/RJ-2018-009}
}
@article{haldane1941fitting,
	title        = {The fitting of binomial distributions},
	author       = {Haldane, John BS},
	year         = 1941,
	journal      = {Annals of Eugenics},
	publisher    = {Wiley Online Library},
	volume       = 11,
	number       = 1,
	pages        = {179--181}
}
@online{newspaper1,
	title        = {Nye smittetilfelle i Hyllestad- no har sju personar korona},
	author       = {Astrid Iren Solheim Korsvoll},
	journal      = {Firda},
	url          = {https://www.firda.no/nye-smittetilfelle-i-hyllestad-no-har-sju-personar-korona/s/5-15-1070915},
	urldate      = {2021-03-05},
	date         = {2020-10-01}
}
@online{newspaper2,
	title        = {Ordfører: Ulvik-utbruddet spredte seg trolig blant barna},
	author       = {NTB},
	journal      = {Haugesunds Avis},
	url          = {https://www.h-avis.no/ordforer-ulvik-utbruddet-spredte-seg-trolig-blant-barna/s/5-62-1138922},
	urldate      = {2021-03-05},
	date         = {2021-02-08}
}
@online{tromsokorona,
	title        = {Alt om korona / Covid19 information},
	author       = {Tromsø Kommune},
	note         = {Accessed: 2021-03-24},
	date         = {2020-12-03},
	howpublished = {\url{https://www.tromso.kommune.no/alt-om-korona-covid19-information.6258629-110070.html}}
}
@article{fitdistrplus,
	title        = {{fitdistrplus}: An {R} Package for Fitting Distributions},
	author       = {Marie Laure Delignette-Muller and Christophe Dutang},
	year         = 2015,
	journal      = {Journal of Statistical Software},
	volume       = 64,
	number       = 4,
	pages        = {1--34},
	url          = {https://www.jstatsoft.org/v64/i04/}
}
@article{rinla,
	title        = {Approximate {Bayesian} Inference for Latent {Gaussian} Models Using Integrated Nested {Laplace} Approximations (with discussion).},
	author       = {H{\aa}vard Rue and Sara Martino and Nicholas Chopin},
	year         = 2009,
	journal      = {Journal of the Royal Statistical Society B},
	volume       = 71,
	pages        = {319--392}
}
@article{inlautils,
	title        = {Evaluating Bayesian spatial methods for modelling species distributions with clumped and restricted occurrence data},
	author       = {Dave W Redding and Tim C D Lucas and Tim Blackburn and Kate E Jones},
	year         = 2017,
	journal      = {PLoS ONE},
	url          = {https://doi.org/10.1371/journal.pone.0187602}
}
@article{stone1985additive,
	title        = {Additive regression and other nonparametric models},
	author       = {Stone, Charles J},
	year         = 1985,
	journal      = {The annals of Statistics},
	publisher    = {JSTOR},
	pages        = {689--705}
}
@book{cox1980point,
	title        = {Point processes},
	author       = {Cox, David Roxbee and Isham, Valerie},
	year         = 1980,
	publisher    = {CRC Press},
	volume       = 12
}
@article{lindgren2011explicit,
	title        = {An explicit link between Gaussian fields and Gaussian Markov random fields: the stochastic partial differential equation approach},
	author       = {Lindgren, Finn and Rue, H{\aa}vard and Lindstr{\"o}m, Johan},
	year         = 2011,
	journal      = {Journal of the Royal Statistical Society: Series B (Statistical Methodology)},
	publisher    = {Wiley Online Library},
	volume       = 73,
	number       = 4,
	pages        = {423--498}
}
@article{doane2011measuring,
	title        = {Measuring skewness: a forgotten statistic?},
	author       = {Doane, David P and Seward, Lori E},
	year         = 2011,
	journal      = {Journal of statistics education},
	publisher    = {Taylor \& Francis},
	volume       = 19,
	number       = 2
}
@article{wilkins1944note,
	title        = {A note on skewness and kurtosis},
	author       = {Wilkins, J Ernest},
	year         = 1944,
	journal      = {The Annals of Mathematical Statistics},
	publisher    = {JSTOR},
	volume       = 15,
	number       = 3,
	pages        = {333--335}
}
@article{decarlo1997meaning,
	title        = {On the meaning and use of kurtosis.},
	author       = {DeCarlo, Lawrence T},
	year         = 1997,
	journal      = {Psychological methods},
	publisher    = {American Psychological Association},
	volume       = 2,
	number       = 3,
	pages        = 292
}
@article{akaike1974new,
	title        = {A new look at the statistical model identification},
	author       = {Akaike, Hirotugu},
	year         = 1974,
	journal      = {IEEE transactions on automatic control},
	publisher    = {Ieee},
	volume       = 19,
	number       = 6,
	pages        = {716--723}
}
@article{spiegelhalter2014deviance,
	title        = {The deviance information criterion: 12 years on},
	author       = {Spiegelhalter, David J and Best, Nicola G and Carlin, Bradley P and Van der Linde, Angelika},
	year         = 2014,
	journal      = {Journal of the Royal Statistical Society: Series B: Statistical Methodology},
	publisher    = {JSTOR},
	pages        = {485--493}
}
@article{watanabe2010asymptotic,
	title        = {Asymptotic equivalence of Bayes cross validation and widely applicable information criterion in singular learning theory.},
	author       = {Watanabe, Sumio and Opper, Manfred},
	year         = 2010,
	journal      = {Journal of machine learning research},
	volume       = 11,
	number       = 12
}
@article{pettit1990conditional,
	title        = {The conditional predictive ordinate for the normal distribution},
	author       = {Pettit, LI},
	year         = 1990,
	journal      = {Journal of the Royal Statistical Society: Series B (Methodological)},
	publisher    = {Wiley Online Library},
	volume       = 52,
	number       = 1,
	pages        = {175--184}
}
@article{nelder1972generalized,
	title        = {Generalized linear models},
	author       = {Nelder, John Ashworth and Wedderburn, Robert WM},
	year         = 1972,
	journal      = {Journal of the Royal Statistical Society: Series A (General)},
	publisher    = {Wiley Online Library},
	volume       = 135,
	number       = 3,
	pages        = {370--384}
}
@article{yong2018loo,
	title        = {LOO and WAIC as model selection methods for polytomous items},
	author       = {Yong, Luo},
	year         = 2018,
	journal      = {arXiv preprint arXiv:1806.09996}
}
@article{cox1980discussion,
	title        = {Discussion of ‘Sampling and Bayes’ inference in scientific modelling and robustness},
	author       = {Cox, DR},
	year         = 1980,
	journal      = {JR Stat Soc Ser A},
	volume       = 143,
	pages        = 410
}
@book{fahrmeir2016statistik,
	title        = {Statistik: Der weg zur datenanalyse},
	author       = {Fahrmeir, Ludwig and Heumann, Christian and K{\"u}nstler, Rita and Pigeot, Iris and Tutz, Gerhard},
	year         = 2016,
	publisher    = {Springer-Verlag}
}
@incollection{leroux2000estimation,
	title        = {Estimation of disease rates in small areas: a new mixed model for spatial dependence},
	author       = {Leroux, Brian G and Lei, Xingye and Breslow, Norman},
	year         = 2000,
	booktitle    = {Statistical models in epidemiology, the environment, and clinical trials},
	publisher    = {Springer},
	pages        = {179--191}
}
@article{besag1974spatial,
	title        = {Spatial interaction and the statistical analysis of lattice systems},
	author       = {Besag, Julian},
	year         = 1974,
	journal      = {Journal of the Royal Statistical Society: Series B (Methodological)},
	publisher    = {Wiley Online Library},
	volume       = 36,
	number       = 2,
	pages        = {192--225}
}
@article{wondreys2020victims,
	title        = {Victims of the Pandemic? European Far-Right Parties and COVID-19},
	author       = {Wondreys, Jakub and Mudde, Cas},
	year         = 2020,
	journal      = {Nationalities Papers},
	publisher    = {Cambridge University Press},
	pages        = {1--34}
}
@article{farias2020violating,
	title        = {Violating social distancing amid COVID-19 pandemic: Psychological factors to improve compliance},
	author       = {Farias, J{\'e}ssica Esther Machado and Pilati, Ronaldo},
	year         = 2020,
	publisher    = {PsyArXiv}
}
@article{yezli2020covid,
	title        = {COVID-19 pandemic: it is time to temporarily close places of worship and to suspend religious gatherings},
	author       = {Yezli, Saber and Khan, Anas},
	year         = 2020,
	journal      = {Journal of travel medicine}
}
@article{gadarian2021partisanship,
	title        = {Partisanship, health behavior, and policy attitudes in the early stages of the COVID-19 pandemic},
	author       = {Gadarian, Shana Kushner and Goodman, Sara Wallace and Pepinsky, Thomas B},
	year         = 2021,
	journal      = {Plos one},
	publisher    = {Public Library of Science San Francisco, CA USA},
	volume       = 16,
	number       = 4,
	pages        = {e0249596}
}
@article{barbieri2020italian,
	title        = {Italian workers at risk during the COVID-19 epidemic},
	author       = {Barbieri, Teresa and Basso, Gaetano and Scicchitano, Sergio},
	year         = 2020,
	journal      = {Bank of Italy Occasional Paper},
	number       = 569
}
@article{plohl2021modeling,
	title        = {Modeling compliance with COVID-19 prevention guidelines: The critical role of trust in science},
	author       = {Plohl, Nejc and Musil, Bojan},
	year         = 2021,
	journal      = {Psychology, Health \& Medicine},
	publisher    = {Taylor \& Francis},
	volume       = 26,
	number       = 1,
	pages        = {1--12}
}
@article{carozzi2020urban,
	title        = {Urban density and COVID-19},
	author       = {Carozzi, Felipe},
	year         = 2020,
	publisher    = {IZA discussion paper}
}
@article{pequeno2020air,
	title        = {Air transportation, population density and temperature predict the spread of COVID-19 in Brazil},
	author       = {Pequeno, Pedro and Mendel, Bruna and Rosa, Clarissa and Bosholn, Mariane and Souza, Jorge Luiz and Baccaro, Fabricio and Barbosa, Reinaldo and Magnusson, William},
	year         = 2020,
	journal      = {PeerJ},
	publisher    = {PeerJ Inc.},
	volume       = 8,
	pages        = {e9322}
}
@article{cocskun2021spread,
	title        = {The spread of COVID-19 virus through population density and wind in Turkey cities},
	author       = {Co{\c{s}}kun, Hamit and Y{\i}ld{\i}r{\i}m, Nazmiye and G{\"u}nd{\"u}z, Samettin},
	year         = 2021,
	journal      = {Science of the Total Environment},
	publisher    = {Elsevier},
	volume       = 751,
	pages        = 141663
}
@article{kadi2020population,
	title        = {Population density, a factor in the spread of COVID-19 in Algeria: statistic study},
	author       = {Kadi, Nadjat and Khelfaoui, Mounia},
	year         = 2020,
	journal      = {Bulletin of the National Research Centre},
	publisher    = {Springer},
	volume       = 44,
	number       = 1,
	pages        = {1--7}
}
@article{indseth2020covid,
	title        = {COVID-19 among immigrants in Norway, notified infections, related hospitalizations and associated mortality: A register-based study},
	author       = {Indseth, Thor and Gr{\o}sland, Mari and Arnesen, Trude and Skyrud, Katrine and Kl{\o}vstad, Hilde and Lamprini, Veneti and Telle, Kjetil and Kj{\o}llesdal, Marte},
	year         = 2020,
	journal      = {Scandinavian Journal of Public Health},
	publisher    = {SAGE Publications Sage UK: London, England},
	pages        = 1403494820984026
}
@misc{wildman2020religion,
	title        = {Religion and the COVID-19 pandemic},
	author       = {Wildman, Wesley J and Bulbulia, Joseph and Sosis, Richard and Schjoedt, Uffe},
	year         = 2020,
	publisher    = {Taylor \& Francis}
}
@article{craney2002model,
	title        = {Model-dependent variance inflation factor cutoff values},
	author       = {Craney, Trevor A and Surles, James G},
	year         = 2002,
	journal      = {Quality Engineering},
	publisher    = {Taylor \& Francis},
	volume       = 14,
	number       = 3,
	pages        = {391--403}
}
@article{cascella2021features,
	title        = {Features, evaluation, and treatment of coronavirus (COVID-19)},
	author       = {Cascella, Marco and Rajnik, Michael and Cuomo, Arturo and Dulebohn, Scott C and Di Napoli, Raffaela},
	year         = 2021,
	journal      = {Statpearls [internet]},
	publisher    = {StatPearls Publishing}
}
@book{teutsch2000principles,
	title        = {Principles and practice of public health surveillance},
	author       = {Teutsch, Steven M and Churchill, R Elliott and others},
	year         = 2000,
	publisher    = {Oxford University Press, USA}
}
@article{snow1857cholera,
	title        = {Cholera, and the water supply in the south districts of London},
	author       = {Snow, John},
	year         = 1857,
	journal      = {British Medical Journal},
	publisher    = {BMJ Publishing Group},
	volume       = 1,
	number       = 42,
	pages        = 864
}
@article{gelman2014understanding,
	title        = {Understanding predictive information criteria for Bayesian models},
	author       = {Gelman, Andrew and Hwang, Jessica and Vehtari, Aki},
	year         = 2014,
	journal      = {Statistics and computing},
	publisher    = {Springer},
	volume       = 24,
	number       = 6,
	pages        = {997--1016}
}
@article{aitkin1991posterior,
	title        = {Posterior bayes factors},
	author       = {Aitkin, Murray},
	year         = 1991,
	journal      = {Journal of the Royal Statistical Society: Series B (Methodological)},
	publisher    = {Wiley Online Library},
	volume       = 53,
	number       = 1,
	pages        = {111--128}
}
@article{moran1950notes,
	title        = {Notes on continuous stochastic phenomena},
	author       = {Moran, Patrick AP},
	year         = 1950,
	journal      = {Biometrika},
	publisher    = {JSTOR},
	volume       = 37,
	number       = {1/2},
	pages        = {17--23}
}
@article{guan2020clinical,
	title        = {Clinical characteristics of coronavirus disease 2019 in China},
	author       = {Guan, Wei-jie and Ni, Zheng-yi and Hu, Yu and Liang, Wen-hua and Ou, Chun-quan and He, Jian-xing and Liu, Lei and Shan, Hong and Lei, Chun-liang and Hui, David SC and others},
	year         = 2020,
	journal      = {New England journal of medicine},
	publisher    = {Mass Medical Soc},
	volume       = 382,
	number       = 18,
	pages        = {1708--1720}
}
@article{chen2020distribution,
	title        = {Distribution of the COVID-19 epidemic and correlation with population emigration from Wuhan, China},
	author       = {Chen, Ze-Liang and Zhang, Qi and Lu, Yi and Guo, Zhong-Min and Zhang, Xi and Zhang, Wen-Jun and Guo, Cheng and Liao, Cong-Hui and Li, Qian-Lin and Han, Xiao-Hu and others},
	year         = 2020,
	journal      = {Chinese medical journal},
	publisher    = {Wolters Kluwer Health}
}
@article{saha2020monitoring,
	title        = {Monitoring and epidemiological trends of coronavirus disease (COVID-19) around the world},
	author       = {Saha, Arnab and Gupta, Komal and Patil, Manti and others},
	year         = 2020,
	journal      = {Matrix Science Medica},
	publisher    = {Medknow Publications},
	volume       = 4,
	number       = 4,
	pages        = 121
}
@article{gross2020spatio,
	title        = {Spatio-temporal propagation of COVID-19 pandemics},
	author       = {Gross, Bnaya and Zheng, Zhiguo and Liu, Shiyan and Chen, Xiaoqi and Sela, Alon and Li, Jianxin and Li, Daqing and Havlin, Shlomo},
	year         = 2020,
	journal      = {EPL (Europhysics Letters)},
	publisher    = {IOP Publishing},
	volume       = 131,
	number       = 5,
	pages        = 58003
}
@article{gianquintieri2020mapping,
	title        = {Mapping Spatiotemporal Diffusion of COVID-19 in Lombardy (Italy) on the Base of Emergency Medical Services Activities},
	author       = {Gianquintieri, Lorenzo and Brovelli, Maria Antonia and Pagliosa, Andrea and Dassi, Gabriele and Brambilla, Piero Maria and Bonora, Rodolfo and Sechi, Giuseppe Maria and Caiani, Enrico Gianluca},
	year         = 2020,
	journal      = {ISPRS International Journal of Geo-Information},
	publisher    = {Multidisciplinary Digital Publishing Institute},
	volume       = 9,
	number       = 11,
	pages        = 639
}
@article{chen2021spatio,
	title        = {Spatio-temporal distribution characteristics and influencing factors of COVID-19 in China},
	author       = {Chen, Youliang and Li, Qun and Karimian, Hamed and Chen, Xunjun and Li, Xiaoming},
	year         = 2021,
	journal      = {Scientific Reports},
	publisher    = {Nature Publishing Group},
	volume       = 11,
	number       = 1,
	pages        = {1--12}
}
@article{petrov2020spatiotemporal,
	title        = {Spatiotemporal dynamics of the COVID-19 pandemic in the arctic: early data and emerging trends},
	author       = {Petrov, Andrey N and Welford, Mark and Golosov, Nikolay and DeGroote, John and Degai, Tatiana and Savelyev, Alexander},
	year         = 2020,
	journal      = {International Journal of Circumpolar Health},
	publisher    = {Taylor \& Francis},
	volume       = 79,
	number       = 1,
	pages        = 1835251
}
@article{xiong2020spatial,
	title        = {Spatial statistics and influencing factors of the novel coronavirus pneumonia 2019 epidemic in Hubei Province, China},
	author       = {Xiong, Yongzhu and Wang, Yunpeng and Chen, Feng and Zhu, Mingyong},
	year         = 2020
}
@article{ahmadi2020investigation,
	title        = {Investigation of effective climatology parameters on COVID-19 outbreak in Iran},
	author       = {Ahmadi, Mohsen and Sharifi, Abbas and Dorosti, Shadi and Ghoushchi, Saeid Jafarzadeh and Ghanbari, Negar},
	year         = 2020,
	journal      = {Science of the Total Environment},
	publisher    = {Elsevier},
	volume       = 729,
	pages        = 138705
}
@article{mehmood2021spatiotemporal,
	title        = {Spatiotemporal variability of COVID-19 pandemic in relation to air pollution, climate and socioeconomic factors in Pakistan},
	author       = {Mehmood, Khalid and Bao, Yansong and Abrar, Muhammad Mohsin and Petropoulos, George P and Soban, Ahmad and Saud, Shah and Khan, Zalan Alam and Khan, Shah Masud and Fahad, Shah and others},
	year         = 2021,
	journal      = {Chemosphere},
	publisher    = {Elsevier},
	volume       = 271,
	pages        = 129584
}
@article{pedrosa2020dynamics,
	title        = {The dynamics of Covid-19: weather, demographics and infection timeline},
	author       = {Pedrosa, Renato HL},
	year         = 2020,
	journal      = {MedRxiv},
	publisher    = {Cold Spring Harbor Laboratory Press}
}
@article{mollalo2020gis,
	title        = {GIS-based spatial modeling of COVID-19 incidence rate in the continental United States},
	author       = {Mollalo, Abolfazl and Vahedi, Behzad and Rivera, Kiara M},
	year         = 2020,
	journal      = {Science of the total environment},
	publisher    = {Elsevier},
	volume       = 728,
	pages        = 138884
}
@article{maiti2021exploring,
	title        = {Exploring spatiotemporal effects of the driving factors on COVID-19 incidences in the contiguous United States},
	author       = {Maiti, Arabinda and Zhang, Qi and Sannigrahi, Srikanta and Pramanik, Suvamoy and Chakraborti, Suman and Cerda, Artemi and Pilla, Francesco},
	year         = 2021,
	journal      = {Sustainable cities and society},
	publisher    = {Elsevier},
	volume       = 68,
	pages        = 102784
}
@article{wang2021spatiotemporal,
	title        = {Spatiotemporal characteristics of the COVID-19 epidemic in the United States},
	author       = {Wang, Yun and Liu, Ying and Struthers, James and Lian, Min},
	year         = 2021,
	journal      = {Clinical infectious diseases},
	publisher    = {Oxford University Press US},
	volume       = 72,
	number       = 4,
	pages        = {643--651}
}
@article{allcott2020polarization,
	title        = {Polarization and public health: Partisan differences in social distancing during the coronavirus pandemic},
	author       = {Allcott, Hunt and Boxell, Levi and Conway, Jacob and Gentzkow, Matthew and Thaler, Michael and Yang, David},
	year         = 2020,
	journal      = {Journal of Public Economics},
	publisher    = {Elsevier},
	volume       = 191,
	pages        = 104254
}
@article{castro2021spatiotemporal,
	title        = {Spatiotemporal pattern of COVID-19 spread in Brazil},
	author       = {Castro, Marcia C and Kim, Sun and Barberia, Lorena and Ribeiro, Ana Freitas and Gurzenda, Susie and Ribeiro, Karina Braga and Abbott, Erin and Blossom, Jeffrey and Rache, Beatriz and Singer, Burton H},
	year         = 2021,
	journal      = {Science},
	publisher    = {American Association for the Advancement of Science}
}
@article{bermudi2021spatiotemporal,
	title        = {Spatiotemporal ecological study of COVID-19 mortality in the city of S{\~a}o Paulo, Brazil: shifting of the high mortality risk from areas with the best to those with the worst socio-economic conditions},
	author       = {Bermudi, Patricia Marques Moralejo and Lorenz, Camila and de Aguiar, Breno Souza and Failla, Marcelo Antunes and Barrozo, Ligia Vizeu and Chiaravalloti-Neto, Francisco},
	year         = 2021,
	journal      = {Travel medicine and infectious disease},
	publisher    = {Elsevier},
	volume       = 39,
	pages        = 101945
}
@article{orea2020effective,
	title        = {How effective has the Spanish lockdown been to battle COVID-19? A spatial analysis of the coronavirus propagation across provinces},
	author       = {Orea, Luis and {\'A}lvarez, Inmaculada C},
	year         = 2020,
	journal      = {Documento de trabajo},
	volume       = 3,
	pages        = {1--33}
}
@article{kasilingam2020exploring,
	title        = {Exploring the growth of COVID-19 cases using exponential modelling across 42 countries and predicting signs of early containment using machine learning},
	author       = {Kasilingam, Dharun and Sathiya Prabhakaran, Sakthivel Puvaneswaran and Rajendran, Dinesh Kumar and Rajagopal, Varthini and Santhosh Kumar, Thangaraj and Soundararaj, Ajitha},
	year         = 2020,
	journal      = {Transboundary and Emerging Diseases},
	publisher    = {Wiley Online Library}
}
@article{nandy2021managing,
	title        = {Managing the COVID-19 pandemic: does social infrastructure matter? Evidence from India},
	author       = {Nandy, Amarendu and Tiwari, Chhavi and Kundu, Sayantan},
	year         = 2021,
	journal      = {Transforming Government: People, Process and Policy},
	publisher    = {Emerald Publishing Limited}
}
@article{sannigrahi2020examining,
	title        = {Examining the association between socio-demographic composition and COVID-19 fatalities in the European region using spatial regression approach},
	author       = {Sannigrahi, Srikanta and Pilla, Francesco and Basu, Bidroha and Basu, Arunima Sarkar and Molter, Anna},
	year         = 2020,
	journal      = {Sustainable cities and society},
	publisher    = {Elsevier},
	volume       = 62,
	pages        = 102418
}
@book{blangiardo2015spatial,
	title        = {Spatial and spatio-temporal Bayesian models with R-INLA},
	author       = {Blangiardo, Marta and Cameletti, Michela},
	year         = 2015,
	publisher    = {John Wiley \& Sons}
}
@article{sigler2020socio,
	title        = {The Socio-Spatial Determinants of COVID-19 Diffusion: The Impact of Globalisation, Settlement Characteristics and Population},
	author       = {Sigler, Thomas and Mahmuda, Sirat and Kimpton, Anthony and Loginova, Julia and Wohland-Jakhar, Pia and Charles-Edwards, Elin and Corcoran, Jonathan},
	year         = 2020
}
@article{jamshidi2020global,
	title        = {Global to USA County Scale Analysis of Weather, Urban Density, Mobility, Homestay, and Mask Use on COVID-19},
	author       = {Jamshidi, Sajad and Baniasad, Maryam and Niyogi, Dev},
	year         = 2020,
	journal      = {International journal of environmental research and public health},
	publisher    = {Multidisciplinary Digital Publishing Institute},
	volume       = 17,
	number       = 21,
	pages        = 7847
}
@article{whittle2020ecological,
	title        = {An ecological study of socioeconomic predictors in detection of COVID-19 cases across neighborhoods in New York City},
	author       = {Whittle, Richard S and Diaz-Artiles, Ana},
	year         = 2020,
	journal      = {BMC medicine},
	publisher    = {BioMed Central},
	volume       = 18,
	number       = 1,
	pages        = {1--17}
}
@article{elkeles1996immigrants,
	title        = {Immigrants and health: unemployment and health-risks of labour migrants in the Federal Republic of Germany, 1984--1992},
	author       = {Elkeles, Thomas and Seifert, Wolfgang},
	year         = 1996,
	journal      = {Social science \& medicine},
	publisher    = {Elsevier},
	volume       = 43,
	number       = 7,
	pages        = {1035--1047}
}
@article{sia2019chronic,
	title        = {Chronic disease and malnutrition biomarkers among unemployed immigrants and Canadian born adults},
	author       = {Sia, Drissa and Miszkurka, Malgorzata and Batal, Malek and Delisle, H{\'e}l{\`e}ne and Zunzunegui, Maria Victoria},
	year         = 2019,
	journal      = {Archives of Public Health},
	publisher    = {Springer},
	volume       = 77,
	number       = 1,
	pages        = {1--10}
}
@article{gaskin2021geographic,
	title        = {Geographic disparities in COVID-19 infections and deaths: The role of transportation},
	author       = {Gaskin, Darrell J and Zare, Hossein and Delarmente, Benjo A},
	year         = 2021,
	journal      = {Transport policy},
	publisher    = {Elsevier},
	volume       = 102,
	pages        = {35--46}
}
@article{daon2020estimating,
	title        = {Estimating COVID-19 outbreak risk through air travel},
	author       = {Daon, Yair and Thompson, Robin N and Obolski, Uri},
	year         = 2020,
	journal      = {Journal of travel medicine},
	publisher    = {Oxford University Press},
	volume       = 27,
	number       = 5,
	pages        = {taaa093}
}
@article{mukherjee2021covid,
	title        = {Is COVID-19 Gender-sensitive?},
	author       = {Mukherjee, Shreya and Pahan, Kalipada},
	year         = 2021,
	journal      = {Journal of Neuroimmune Pharmacology},
	publisher    = {Springer},
	pages        = {1--10}
}
@article{gausman2020sex,
	title        = {Sex and gender disparities in the COVID-19 pandemic},
	author       = {Gausman, Jewel and Langer, Ana},
	year         = 2020,
	journal      = {Journal of women's health},
	publisher    = {Mary Ann Liebert, Inc., publishers 140 Huguenot Street, 3rd Floor New~…},
	volume       = 29,
	number       = 4,
	pages        = {465--466}
}
@misc{spagnolo2020sex,
	title        = {Sex and gender differences in health: what the COVID-19 pandemic can teach us},
	author       = {Spagnolo, Primavera A and Manson, JoAnn E and Joffe, Hadine},
	year         = 2020,
	publisher    = {American College of Physicians}
}
@article{kopel2020racial,
	title        = {Racial and gender-based differences in COVID-19},
	author       = {Kopel, Jonathan and Perisetti, Abhilash and Roghani, Ali and Aziz, Muhammad and Gajendran, Mahesh and Goyal, Hemant},
	year         = 2020,
	journal      = {Frontiers in public health},
	publisher    = {Frontiers},
	volume       = 8,
	pages        = 418
}
@article{vieten2020new,
	title        = {The “New Normal” and “Pandemic Populism”: The COVID-19 Crisis and Anti-Hygienic Mobilisation of the Far-Right},
	author       = {Vieten, Ulrike M},
	year         = 2020,
	journal      = {Social Sciences},
	publisher    = {Multidisciplinary Digital Publishing Institute},
	volume       = 9,
	number       = 9,
	pages        = 165
}
@article{eberl2020populism,
	title        = {From Populism to the ‘Plandemic’: Why populists believe in COVID-19 conspiracies},
	author       = {Eberl, Jakob-Moritz and Huber, Robert A and Greussing, Esther},
	year         = 2020,
	publisher    = {SocArXiv}
}
@article{cordes2020spatial,
	title        = {Spatial analysis of COVID-19 clusters and contextual factors in New York City},
	author       = {Cordes, Jack and Castro, Marcia C},
	year         = 2020,
	journal      = {Spatial and Spatio-temporal Epidemiology},
	publisher    = {Elsevier},
	volume       = 34,
	pages        = 100355
}
@article{coven2020disparities,
	title        = {Disparities in mobility responses to covid-19},
	author       = {Coven, Joshua and Gupta, Arpit},
	year         = 2020,
	journal      = {New York University}
}
@article{baena2020impact,
	title        = {Impact of COVID-19 outbreak by income: hitting hardest the most deprived},
	author       = {Baena-D{\'\i}ez, Jose Miguel and Barroso, Mar{\'\i}a and Cordeiro-Coelho, Sara Isabel and D{\'\i}az, Jorge L and Grau, Mar{\'\i}a},
	year         = 2020,
	journal      = {Journal of Public Health},
	publisher    = {Oxford University Press},
	volume       = 42,
	number       = 4,
	pages        = {698--703}
}
@article{altman1992introduction,
	title        = {An introduction to kernel and nearest-neighbor nonparametric regression},
	author       = {Altman, Naomi S},
	year         = 1992,
	journal      = {The American Statistician},
	publisher    = {Taylor \& Francis Group},
	volume       = 46,
	number       = 3,
	pages        = {175--185}
}
@article{zhang1998sequential,
	title        = {A sequential learning approach for single hidden layer neural networks},
	author       = {Zhang, Jie and Morris, A Julian},
	year         = 1998,
	journal      = {Neural networks},
	publisher    = {Elsevier},
	volume       = 11,
	number       = 1,
	pages        = {65--80}
}
@article{friedman2001greedy,
	title        = {Greedy function approximation: a gradient boosting machine},
	author       = {Friedman, Jerome H},
	year         = 2001,
	journal      = {Annals of statistics},
	publisher    = {JSTOR},
	pages        = {1189--1232}
}
@book{breiman1984classification,
	title        = {Classification and regression trees},
	author       = {Breiman, Leo and Friedman, Jerome and Stone, Charles J and Olshen, Richard A},
	year         = 1984,
	publisher    = {CRC press}
}
@article{breiman2001random,
	title        = {Random forests},
	author       = {Breiman, Leo},
	year         = 2001,
	journal      = {Machine learning},
	publisher    = {Springer},
	volume       = 45,
	number       = 1,
	pages        = {5--32}
}
@book{krause1986taxicab,
	title        = {Taxicab geometry: An adventure in non-Euclidean geometry},
	author       = {Krause, Eugene F},
	year         = 1986,
	publisher    = {Courier Corporation}
}
@article{danielsson1980euclidean,
	title        = {Euclidean distance mapping},
	author       = {Danielsson, Per-Erik},
	year         = 1980,
	journal      = {Computer Graphics and image processing},
	publisher    = {Elsevier},
	volume       = 14,
	number       = 3,
	pages        = {227--248}
}
@book{ripley2007pattern,
	title        = {Pattern recognition and neural networks},
	author       = {Ripley, Brian D},
	year         = 2007,
	publisher    = {Cambridge university press}
}
@article{breiman1996bagging,
	title        = {Bagging predictors},
	author       = {Breiman, Leo},
	year         = 1996,
	journal      = {Machine learning},
	publisher    = {Springer},
	volume       = 24,
	number       = 2,
	pages        = {123--140}
}
@book{molnar2020interpretable,
	title        = {Interpretable machine learning},
	author       = {Molnar, Christoph},
	year         = 2020,
	publisher    = {Lulu. com}
}
@article{fushiki2011estimation,
	title        = {Estimation of prediction error by using K-fold cross-validation},
	author       = {Fushiki, Tadayoshi},
	year         = 2011,
	journal      = {Statistics and Computing},
	publisher    = {Springer},
	volume       = 21,
	number       = 2,
	pages        = {137--146}
}
@article{bergstra2012random,
	title        = {Random search for hyper-parameter optimization.},
	author       = {Bergstra, James and Bengio, Yoshua},
	year         = 2012,
	journal      = {Journal of machine learning research},
	volume       = 13,
	number       = 2
}
@article{birattari2010f,
	title        = {F-Race and iterated F-Race: An overview},
	author       = {Birattari, Mauro and Yuan, Zhi and Balaprakash, Prasanna and St{\"u}tzle, Thomas},
	year         = 2010,
	journal      = {Experimental methods for the analysis of optimization algorithms},
	publisher    = {Springer},
	pages        = {311--336}
}
@article{fisher2018model,
	title        = {Model class reliance: Variable importance measures for any machine learning model class, from the” rashomon” perspective},
	author       = {Fisher, Aaron and Rudin, Cynthia and Dominici, Francesca},
	year         = 2018,
	journal      = {arXiv preprint arXiv:1801.01489},
	volume       = 68
}
@article{goldstein2015peeking,
	title        = {Peeking inside the black box: Visualizing statistical learning with plots of individual conditional expectation},
	author       = {Goldstein, Alex and Kapelner, Adam and Bleich, Justin and Pitkin, Emil},
	year         = 2015,
	journal      = {Journal of Computational and Graphical Statistics},
	publisher    = {Taylor \& Francis},
	volume       = 24,
	number       = 1,
	pages        = {44--65}
}
@article{shapley1997value,
	title        = {A value for n-person games},
	author       = {Shapley, Lloyd S},
	year         = 1997,
	journal      = {Classics in game theory},
	publisher    = {Princeton Univ Pr},
	volume       = 69
}
@misc{hodcroft2021covariants,
	title        = {CoVariants: SARS-CoV-2 Mutations and Variants of Interest},
	author       = {Hodcroft, EB},
	year         = 2021
}
@article{ritchie2020coronavirus,
	title        = {Coronavirus Pandemic (COVID-19)},
	author       = {Ritchie, Hannah and Ortiz-Ospina, Esteban and Beltekian, Diana and Mathieu, Edouard and Hasell, Joe and Macdonald, Bobbie and Giattino, Charlie and Appel, Cameron and Rod{\'e}s-Guirao, Lucas and Roser, Max},
	year         = 2020,
	journal      = {Our World in Data}
}
@article{hale2020variation,
	title        = {Variation in government responses to COVID-19},
	author       = {Hale, Thomas and Petherick, Anna and Phillips, Toby and Webster, Samuel},
	year         = 2020,
	journal      = {Blavatnik school of government working paper},
	publisher    = {University of Oxford Oxford},
	volume       = 31,
	pages        = {2020--11}
}
@online{googlemobility,
	title        = {Google COVID-19 Community Mobility Reports},
	author       = {Google, LLC},
	note         = {Accessed: 2021-05-28},
	date         = {2020-02-06},
	howpublished = {\url{https://www.google.com/covid19/mobility/}}
}
@article{hu2021risk,
	title        = {Risk of coronavirus disease 2019 transmission in train passengers: an epidemiological and modeling study},
	author       = {Hu, Maogui and Lin, Hui and Wang, Jinfeng and Xu, Chengdong and Tatem, Andrew J and Meng, Bin and Zhang, Xin and Liu, Yifeng and Wang, Pengda and Wu, Guizhen and others},
	year         = 2021,
	journal      = {Clinical Infectious Diseases},
	publisher    = {Oxford University Press US},
	volume       = 72,
	number       = 4,
	pages        = {604--610}
}
@article{musselwhite2020editorial,
	title        = {Editorial JTH 16--The Coronavirus Disease COVID-19 and implications for transport and health},
	author       = {Musselwhite, Charles and Avineri, Erel and Susilo, Yusak},
	year         = 2020,
	journal      = {Journal of Transport \& Health},
	publisher    = {Elsevier},
	volume       = 16,
	pages        = 100853
}
@article{lelieveld2020model,
	title        = {Model Calculations of Aerosol Transmission and Infection Risk of COVID-19 in Indoor Environments},
	author       = {Lelieveld, Jos and Helleis, Frank and Borrmann, Stephan and Cheng, Yafang and Drewnick, Frank and Haug, Gerald and Klimach, Thomas and Sciare, Jean and Su, Hang and P{\"o}schl, Ulrich},
	year         = 2020,
	journal      = {International Journal of Environmental Research and Public Health},
	publisher    = {Multidisciplinary Digital Publishing Institute},
	volume       = 17,
	number       = 21,
	pages        = 8114
}
@article{bedford2020covid,
	title        = {COVID-19: towards controlling of a pandemic},
	author       = {Bedford, Juliet and Enria, Delia and Giesecke, Johan and Heymann, David L and Ihekweazu, Chikwe and Kobinger, Gary and Lane, H Clifford and Memish, Ziad and Oh, Myoung-don and Schuchat, Anne and others},
	year         = 2020,
	journal      = {The lancet},
	publisher    = {Elsevier},
	volume       = 395,
	number       = 10229,
	pages        = {1015--1018}
}
@article{hall2020covid,
	title        = {COVID-19 Case and Contact Investigation in an Office Workspace},
	author       = {Hall, Matthew T and Bui, Han Q and Rowe, John and Do, Tai A},
	year         = 2020,
	journal      = {Military medicine},
	publisher    = {Oxford University Press},
	volume       = 185,
	number       = {11-12},
	pages        = {e2162--e2165}
}
@manual{baser,
	title        = {R: A Language and Environment for Statistical Computing},
	author       = {{R Core Team}},
	year         = 2021,
	address      = {Vienna, Austria},
	url          = {https://www.R-project.org/},
	organization = {R Foundation for Statistical Computing}
}
@article{covidregionaldata,
	title        = {covidregionaldata: Subnational Data for the COVID-19 Outbreak},
	author       = {Sam Abbott and Katharine Sherratt and Joe Palmer and Richard Martin-Nielsen and Jonnie Bevan and Hamish Gibbs and Sebastian Funk},
	year         = 2020,
	doi          = {10.5281/zenodo.3957539}
}
@manual{data.table,
	title        = {data.table: Extension of `data.frame`},
	author       = {Matt Dowle and Arun Srinivasan},
	year         = 2021,
	url          = {https://CRAN.R-project.org/package=data.table},
	note         = {R package version 1.14.0}
}
@manual{dashboardthemes,
	title        = {dashboardthemes: Customise the Appearance of 'shinydashboard' Applications using Themes},
	author       = {Nik Lilovski},
	year         = 2020,
	url          = {https://CRAN.R-project.org/package=dashboardthemes},
	note         = {R package version 1.1.3}
}
@manual{dplyr,
	title        = {dplyr: A Grammar of Data Manipulation},
	author       = {Hadley Wickham and Romain François and Lionel Henry and Kirill Müller},
	year         = 2021,
	url          = {https://CRAN.R-project.org/package=dplyr},
	note         = {R package version 1.0.6}
}
@manual{DT,
	title        = {DT: A Wrapper of the JavaScript Library 'DataTables'},
	author       = {Yihui Xie and Joe Cheng and Xianying Tan},
	year         = 2021,
	url          = {https://CRAN.R-project.org/package=DT},
	note         = {R package version 0.18}
}
@misc{eurostat,
	title        = {eurostat R package},
	author       = {Leo Lahti and Janne Huovari and Markus Kainu and Przemyslaw Biecek},
	year         = 2017,
	journal      = {R Journal},
	volume       = 9,
	number       = 1,
	pages        = {385--392},
	url          = {https://journal.r-project.org/archive/2017/RJ-2017-019/index.html},
	note         = {Version 3.7.5}
}
@manual{geosphere,
	title        = {geosphere: Spherical Trigonometry},
	author       = {Robert J. Hijmans},
	year         = 2019,
	url          = {https://CRAN.R-project.org/package=geosphere},
	note         = {R package version 1.5-10}
}
@manual{here,
	title        = {here: A Simpler Way to Find Your Files},
	author       = {Kirill Müller},
	year         = 2020,
	url          = {https://CRAN.R-project.org/package=here},
	note         = {R package version 1.0.1}
}
@manual{highcharter,
	title        = {highcharter: A Wrapper for the 'Highcharts' Library},
	author       = {Joshua Kunst},
	year         = 2020,
	url          = {https://CRAN.R-project.org/package=highcharter},
	note         = {R package version 0.8.2}
}
@article{INLA,
	title        = {Towards the Next Generation of Multiperiod Optimal Power Flow Solvers},
	author       = {D. Kourounis and A. Fuchs and O. Schenk},
	year         = 2018,
	journal      = {IEEE Transactions on Power Systems},
	volume       = {PP},
	number       = 99,
	pages        = {1--10},
	url          = {https://doi.org/10.1109/TPWRS.2017.2789187}
}
@manual{ISOcodes,
	title        = {ISOcodes: Selected ISO Codes},
	author       = {Christian Buchta and Kurt Hornik},
	year         = 2021,
	url          = {https://CRAN.R-project.org/package=ISOcodes},
	note         = {R package version 2021.02.24}
}
@manual{LaCroixColoR,
	title        = {LaCroixColoR: LaCroix Water Color Palettes},
	author       = {Johannes Bjork},
	year         = 2021,
	note         = {R package version 0.1.0}
}
@manual{mapdeck,
	title        = {mapdeck: Interactive Maps Using 'Mapbox GL JS' and 'Deck.gl'},
	author       = {David Cooley},
	year         = 2020,
	url          = {https://CRAN.R-project.org/package=mapdeck},
	note         = {R package version 0.3.4}
}
@manual{patchwork,
	title        = {patchwork: The Composer of Plots},
	author       = {Thomas Lin Pedersen},
	year         = 2020,
	url          = {https://CRAN.R-project.org/package=patchwork},
	note         = {R package version 1.1.1}
}
@manual{pbapply,
	title        = {pbapply: Adding Progress Bar to '*apply' Functions},
	author       = {Peter Solymos and Zygmunt Zawadzki},
	year         = 2020,
	url          = {https://CRAN.R-project.org/package=pbapply},
	note         = {R package version 1.4-3}
}
@manual{qqplotr,
	title        = {{ggplot2} Compatible Quantile-Quantile Plots in R},
	author       = {Alexandre Almeida and Adam Loy and Heike Hofmann},
	year         = 2018,
	journal      = {The R Journal},
	volume       = 10,
	number       = 2,
	pages        = {248--261},
	url          = {https://doi.org/10.32614/RJ-2018-051}
}
@manual{readr,
	title        = {readr: Read Rectangular Text Data},
	author       = {Hadley Wickham and Jim Hester},
	year         = 2020,
	url          = {https://CRAN.R-project.org/package=readr},
	note         = {R package version 1.4.0}
}
@manual{RSelenium,
	title        = {RSelenium: R Bindings for 'Selenium WebDriver'},
	author       = {John Harrison},
	year         = 2020,
	url          = {https://CRAN.R-project.org/package=RSelenium},
	note         = {R package version 1.7.7}
}
@manual{sass,
	title        = {sass: Syntactically Awesome Style Sheets ('Sass')},
	author       = {Joe Cheng and Timothy Mastny and Richard Iannone and Barret Schloerke and Carson Sievert},
	year         = 2021,
	url          = {https://CRAN.R-project.org/package=sass},
	note         = {R package version 0.4.0}
}
@manual{shiny,
	title        = {shiny: Web Application Framework for R},
	author       = {Winston Chang and Joe Cheng and JJ Allaire and Carson Sievert and Barret Schloerke and Yihui Xie and Jeff Allen and Jonathan McPherson and Alan Dipert and Barbara Borges},
	year         = 2021,
	url          = {https://CRAN.R-project.org/package=shiny},
	note         = {R package version 1.6.0}
}
@manual{shinydashboard,
	title        = {shinydashboard: Create Dashboards with 'Shiny'},
	author       = {Winston Chang and Barbara {Borges Ribeiro}},
	year         = 2018,
	url          = {https://CRAN.R-project.org/package=shinydashboard},
	note         = {R package version 0.7.1}
}
@manual{shinyWidgets,
	title        = {shinyWidgets: Custom Inputs Widgets for Shiny},
	author       = {Victor Perrier and Fanny Meyer and David Granjon},
	year         = 2021,
	url          = {https://CRAN.R-project.org/package=shinyWidgets},
	note         = {R package version 0.6.0}
}
@manual{SpatialEpi,
	title        = {SpatialEpi: Methods and Data for Spatial Epidemiology},
	author       = {Albert Y. Kim and Jon Wakefield},
	year         = 2018,
	url          = {https://CRAN.R-project.org/package=SpatialEpi},
	note         = {R package version 1.2.3}
}
@book{spdep,
	title        = {Applied spatial data analysis with {R}, Second edition},
	author       = {Roger S. Bivand and Edzer Pebesma and Virgilio Gomez-Rubio},
	year         = 2013,
	publisher    = {Springer, NY},
	url          = {https://asdar-book.org/}
}
@manual{tibble,
	title        = {tibble: Simple Data Frames},
	author       = {Kirill Müller and Hadley Wickham},
	year         = 2021,
	url          = {https://CRAN.R-project.org/package=tibble},
	note         = {R package version 3.1.2}
}
@article{units,
	title        = {Measurement Units in {R}},
	author       = {Edzer Pebesma and Thomas Mailund and James Hiebert},
	year         = 2016,
	journal      = {R Journal},
	volume       = 8,
	number       = 2,
	pages        = {486--494},
	doi          = {10.32614/RJ-2016-061}
}
@book{MASS,
	title        = {Modern Applied Statistics with S},
	author       = {W. N. Venables and B. D. Ripley},
	year         = 2002,
	publisher    = {Springer},
	address      = {New York},
	url          = {https://www.stats.ox.ac.uk/pub/MASS4/},
	note         = {ISBN 0-387-95457-0},
	edition      = {Fourth}
}
@manual{regclass,
	title        = {regclass: Tools for an Introductory Class in Regression and Modeling},
	author       = {Adam Petrie},
	year         = 2020,
	url          = {https://CRAN.R-project.org/package=regclass},
	note         = {R package version 1.6}
}
@manual{rlist,
	title        = {rlist: A Toolbox for Non-Tabular Data Manipulation},
	author       = {Kun Ren},
	year         = 2016,
	url          = {https://CRAN.R-project.org/package=rlist},
	note         = {R package version 0.4.6.1}
}
@manual{parallelMap,
	title        = {parallelMap: Unified Interface to Parallelization Back-Ends},
	author       = {Bernd Bischl and Michel Lang and Patrick Schratz},
	year         = 2020,
	url          = {https://CRAN.R-project.org/package=parallelMap},
	note         = {R package version 1.5.0}
}
@manual{furrr,
	title        = {furrr: Apply Mapping Functions in Parallel using Futures},
	author       = {Davis Vaughan and Matt Dancho},
	year         = 2021,
	url          = {https://CRAN.R-project.org/package=furrr},
	note         = {R package version 0.2.2}
}
@book{ggplot2,
	title        = {ggplot2: Elegant Graphics for Data Analysis},
	author       = {Hadley Wickham},
	year         = 2016,
	publisher    = {Springer-Verlag New York},
	isbn         = {978-3-319-24277-4},
	url          = {https://ggplot2.tidyverse.org}
}
@manual{latex2exp,
	title        = {latex2exp: Use LaTeX Expressions in Plots},
	author       = {Stefano Meschiari},
	year         = 2021,
	url          = {https://CRAN.R-project.org/package=latex2exp},
	note         = {R package version 0.5.0}
}
@article{mlr,
	title        = {OpenML: An R package to connect to the machine learning platform OpenML},
	author       = {Giuseppe Casalicchio and Jakob Bossek and Michel Lang and Dominik Kirchhoff and Pascal Kerschke and Benjamin Hofner and Heidi Seibold and Joaquin Vanschoren and Bernd Bischl},
	year         = 2017,
	journal      = {Computational Statistics},
	publisher    = {Springer},
	pages        = {1--15}
}
@manual{lwgeom,
	title        = {lwgeom: Bindings to Selected 'liblwgeom' Functions for Simple Features},
	author       = {Edzer Pebesma},
	year         = 2021,
	url          = {https://CRAN.R-project.org/package=lwgeom},
	note         = {R package version 0.2-6}
}
@article{iml,
	title        = {iml: An R package for Interpretable Machine Learning},
	author       = {Christoph Molnar and Bernd Bischl and Giuseppe Casalicchio},
	year         = 2018,
	journal      = {JOSS},
	publisher    = {Journal of Open Source Software},
	volume       = 3,
	number       = 26,
	pages        = 786,
	doi          = {10.21105/joss.00786},
	url          = {https://joss.theoj.org/papers/10.21105/joss.00786}
}
@manual{shinybusy,
	title        = {shinybusy:  Busy Indicator for 'Shiny' Applications},
	author       = {Fanny Meyer and Victor Perrier},
	year         = 2021,
	url          = {https://github.com/dreamRs/shinybusy},
	note         = {R package version 0.2.2.9100}
}
@manual{waiter,
	title        = {waiter: Loading Screen for 'Shiny'},
	author       = {John Coene},
	year         = 2021,
	url          = {https://CRAN.R-project.org/package=waiter},
	note         = {R package version 0.2.1}
}
@book{jaynes2003probability,
	title        = {Probability theory: The logic of science},
	author       = {Jaynes, Edwin T},
	year         = 2003,
	publisher    = {Cambridge university press}
}
@incollection{ghaderinezhad2019impact,
	title        = {On the Impact of the Choice of the Prior in Bayesian Statistics},
	author       = {Ghaderinezhad, Fatemeh and Ley, Christophe},
	year         = 2019,
	booktitle    = {Bayesian Inference on Complicated Data},
	publisher    = {IntechOpen}
}
@article{rue2017bayesian,
	title        = {Bayesian computing with INLA: a review},
	author       = {Simpson, Daniel P and Riebler, Andrea and S{\o}rbye, Sigrunn H and Illian, Janine B and Lindgren, Finn K and Rue, H{\aa}vard},
	year         = 2017,
	journal      = {Annual Review of Statistics and Its Application},
	publisher    = {Annual Reviews},
	volume       = 4,
	pages        = {395--421}
}
@article{willmott2005advantages,
	title        = {Advantages of the mean absolute error (MAE) over the root mean square error (RMSE) in assessing average model performance},
	author       = {Willmott, Cort J and Matsuura, Kenji},
	year         = 2005,
	journal      = {Climate research},
	volume       = 30,
	number       = 1,
	pages        = {79--82}
}
@article{rioux_grandbastien_astagneau_2006,
	title        = {The Standardized Incidence Ratio as a Reliable Tool for Surgical Site Infection Surveillance},
	author       = {Rioux, Christophe and Grandbastien, Bruno and Astagneau, Pascal},
	year         = 2006,
	journal      = {Infection Control \& Hospital Epidemiology},
	publisher    = {Cambridge University Press},
	volume       = 27,
	number       = 8,
	pages        = {817–824},
	doi          = {10.1086/506420}
}

@article{lee2018spatio,
  title={Spatio-temporal areal unit modelling in R with conditional autoregressive priors using the CARBayesST package},
  author={Lee, Duncan and Rushworth, Alastair and Napier, Gary},
  journal={Journal of Statistical Software},
  volume={84},
  number={9},
  year={2018},
  publisher={Foundation for Open Access Statistics}
}
